@inproceedings{DBLP:conf/ccs/DasCXNB023,
  author       = {Sourav Das and
                  Philippe Camacho and
                  Zhuolun Xiang and
                  Javier Nieto and
                  Benedikt B{\"{u}}nz and
                  Ling Ren},
  title        = {Threshold Signatures from Inner Product Argument: Succinct, Weighted,
                  and Multi-threshold},
  booktitle    = {{CCS}},
  pages        = {356--370},
  publisher    = {{ACM}},
  year         = {2023}
}

@article{DBLP:journals/joc/BonehLS04,
  author       = {Dan Boneh and
                  Ben Lynn and
                  Hovav Shacham},
  title        = {Short Signatures from the Weil Pairing},
  journal      = {J. Cryptol.},
  volume       = {17},
  number       = {4},
  pages        = {297--319},
  year         = {2004}
}

@inproceedings{DBLP:conf/eurocrypt/Shoup00,
  author       = {Victor Shoup},
  title        = {Practical Threshold Signatures},
  booktitle    = {{EUROCRYPT}},
  series       = {Lecture Notes in Computer Science},
  volume       = {1807},
  pages        = {207--220},
  publisher    = {Springer},
  year         = {2000}
}

@inproceedings{DBLP:conf/pkc/Boldyreva03,
  author       = {Alexandra Boldyreva},
  title        = {Threshold Signatures, Multisignatures and Blind Signatures Based on
                  the Gap-Diffie-Hellman-Group Signature Scheme},
  booktitle    = {Public Key Cryptography},
  series       = {Lecture Notes in Computer Science},
  volume       = {2567},
  pages        = {31--46},
  publisher    = {Springer},
  year         = {2003}
}

@inproceedings{DBLP:conf/crypto/BonehF01,
  author       = {Dan Boneh and
                  Matthew K. Franklin},
  title        = {Identity-Based Encryption from the Weil Pairing},
  booktitle    = {{CRYPTO}},
  series       = {Lecture Notes in Computer Science},
  volume       = {2139},
  pages        = {213--229},
  publisher    = {Springer},
  year         = {2001}
}

@inproceedings{DBLP:conf/sacrypt/KomloG20,
  author       = {Chelsea Komlo and
                  Ian Goldberg},
  title        = {{FROST:} Flexible Round-Optimized Schnorr Threshold Signatures},
  booktitle    = {{SAC}},
  series       = {Lecture Notes in Computer Science},
  volume       = {12804},
  pages        = {34--65},
  publisher    = {Springer},
  year         = {2020}
}

@inproceedings{DBLP:conf/crypto/CritesKM23,
  author       = {Elizabeth C. Crites and
                  Chelsea Komlo and
                  Mary Maller},
  title        = {Fully Adaptive Schnorr Threshold Signatures},
  booktitle    = {{CRYPTO} {(1)}},
  series       = {Lecture Notes in Computer Science},
  volume       = {14081},
  pages        = {678--709},
  publisher    = {Springer},
  year         = {2023}
}


@inproceedings{DBLP:conf/crypto/DesmedtF89,
  author       = {Yvo Desmedt and
                  Yair Frankel},
  title        = {Threshold Cryptosystems},
  booktitle    = {{CRYPTO}},
  series       = {Lecture Notes in Computer Science},
  volume       = {435},
  pages        = {307--315},
  publisher    = {Springer},
  year         = {1989}
}

@inproceedings{DBLP:conf/eurocrypt/Pedersen91a,
  author       = {Torben P. Pedersen},
  title        = {A Threshold Cryptosystem without a Trusted Party (Extended Abstract)},
  booktitle    = {{EUROCRYPT}},
  series       = {Lecture Notes in Computer Science},
  volume       = {547},
  pages        = {522--526},
  publisher    = {Springer},
  year         = {1991}
}

@inproceedings{DBLP:conf/crypto/Pedersen91,
  author       = {Torben P. Pedersen},
  title        = {Non-Interactive and Information-Theoretic Secure Verifiable Secret
                  Sharing},
  booktitle    = {{CRYPTO}},
  series       = {Lecture Notes in Computer Science},
  volume       = {576},
  pages        = {129--140},
  publisher    = {Springer},
  year         = {1991}
}

@inproceedings{DBLP:conf/eurocrypt/BonehGLS03,
  author       = {Dan Boneh and
                  Craig Gentry and
                  Ben Lynn and
                  Hovav Shacham},
  title        = {Aggregate and Verifiably Encrypted Signatures from Bilinear Maps},
  booktitle    = {{EUROCRYPT}},
  series       = {Lecture Notes in Computer Science},
  volume       = {2656},
  pages        = {416--432},
  publisher    = {Springer},
  year         = {2003}
}

@article{DBLP:journals/iacr/ChaidosK21,
  author       = {Pyrros Chaidos and
                  Aggelos Kiayias},
  title        = {Mithril: Stake-based Threshold Multisignatures},
  journal      = {{IACR} Cryptol. ePrint Arch.},
  pages        = {916},
  year         = {2021}
}

@inproceedings{DBLP:conf/tcc/BeimelTW05,
  author       = {Amos Beimel and
                  Tamir Tassa and
                  Enav Weinreb},
  title        = {Characterizing Ideal Weighted Threshold Secret Sharing},
  booktitle    = {{TCC}},
  series       = {Lecture Notes in Computer Science},
  volume       = {3378},
  pages        = {600--619},
  publisher    = {Springer},
  year         = {2005}
}

@inproceedings{DBLP:conf/crypto/GargJMSWZ23,
  author       = {Sanjam Garg and
                  Abhishek Jain and
                  Pratyay Mukherjee and
                  Rohit Sinha and
                  Mingyuan Wang and
                  Yinuo Zhang},
  title        = {Cryptography with Weights: MPC, Encryption and Signatures},
  booktitle    = {{CRYPTO} {(1)}},
  series       = {Lecture Notes in Computer Science},
  volume       = {14081},
  pages        = {295--327},
  publisher    = {Springer},
  year         = {2023}
}

@inproceedings{DBLP:conf/eurocrypt/Groth16,
  author       = {Jens Groth},
  title        = {On the Size of Pairing-Based Non-interactive Arguments},
  booktitle    = {{EUROCRYPT} {(2)}},
  series       = {Lecture Notes in Computer Science},
  volume       = {9666},
  pages        = {305--326},
  publisher    = {Springer},
  year         = {2016}
}

@inproceedings{DBLP:conf/sp/BunzBBPWM18,
  author       = {Benedikt B{\"{u}}nz and
                  Jonathan Bootle and
                  Dan Boneh and
                  Andrew Poelstra and
                  Pieter Wuille and
                  Gregory Maxwell},
  title        = {Bulletproofs: Short Proofs for Confidential Transactions and More},
  booktitle    = {{IEEE} Symposium on Security and Privacy},
  pages        = {315--334},
  publisher    = {{IEEE} Computer Society},
  year         = {2018}
}

@article{DBLP:journals/iacr/GabizonWC19,
  author       = {Ariel Gabizon and
                  Zachary J. Williamson and
                  Oana Ciobotaru},
  title        = {{PLONK:} Permutations over Lagrange-bases for Oecumenical Noninteractive
                  arguments of Knowledge},
  journal      = {{IACR} Cryptol. ePrint Arch.},
  pages        = {953},
  year         = {2019}
}

@inproceedings{DBLP:conf/eurocrypt/Ben-SassonCRSVW19,
  author       = {Eli Ben{-}Sasson and
                  Alessandro Chiesa and
                  Michael Riabzev and
                  Nicholas Spooner and
                  Madars Virza and
                  Nicholas P. Ward},
  title        = {Aurora: Transparent Succinct Arguments for {R1CS}},
  booktitle    = {{EUROCRYPT} {(1)}},
  series       = {Lecture Notes in Computer Science},
  volume       = {11476},
  pages        = {103--128},
  publisher    = {Springer},
  year         = {2019}
}

@inproceedings{DBLP:conf/tcc/Lee21,
  author       = {Jonathan Lee},
  title        = {Dory: Efficient, Transparent Arguments for Generalised Inner Products
                  and Polynomial Commitments},
  booktitle    = {{TCC} {(2)}},
  series       = {Lecture Notes in Computer Science},
  volume       = {13043},
  pages        = {1--34},
  publisher    = {Springer},
  year         = {2021}
}

@inproceedings{DBLP:conf/tcc/Ben-SassonCS16,
  author       = {Eli Ben{-}Sasson and
                  Alessandro Chiesa and
                  Nicholas Spooner},
  title        = {Interactive Oracle Proofs},
  booktitle    = {{TCC} {(B2)}},
  series       = {Lecture Notes in Computer Science},
  volume       = {9986},
  pages        = {31--60},
  year         = {2016}
}

@inproceedings{DBLP:conf/asiacrypt/KateZG10,
  author       = {Aniket Kate and
                  Gregory M. Zaverucha and
                  Ian Goldberg},
  title        = {Constant-Size Commitments to Polynomials and Their Applications},
  booktitle    = {{ASIACRYPT}},
  series       = {Lecture Notes in Computer Science},
  volume       = {6477},
  pages        = {177--194},
  publisher    = {Springer},
  year         = {2010}
}

@inproceedings{DBLP:conf/asiacrypt/RivestST01,
  author       = {Ronald L. Rivest and
                  Adi Shamir and
                  Yael Tauman},
  title        = {How to Leak a Secret},
  booktitle    = {{ASIACRYPT}},
  series       = {Lecture Notes in Computer Science},
  volume       = {2248},
  pages        = {552--565},
  publisher    = {Springer},
  year         = {2001}
}